@article{
    Hess2012,
    author = "Hess, Ronald and Moore, Jason K. and Hubbard, Mont",
    bibpr = "private-bibtex-keys#Hess2012",
    doi = "10.1109/TSMCA.2011.2164244",
    title = "Modeling the Manually Controlled Bicycle",
    timestamp = "2012.01.25",
    journal = "IEEE Transactions on Systems, Man, and Cybernetics - Part A: Systems and Humans",
    bib = "bibtex-keys#Hess2012",
    number = "3",
    volume = "42",
    year = "2012",
    pages = "545--557"
}

@book{
    Ljung1999,
    author = "Ljung, Lennart",
    edition = "Second",
    publisher = "Prentice Hall",
    year = "1999",
    timestamp = "2012.08.08",
    title = "System Identification: Theory for the User"
}

